% Experiments

@inproceedings{Cummings2017,
author = {Cummings, Joel and Stacey, D.A.},
year = {2017},
month = {01},
pages = {175-182},
title = {The Mid Level Data Collection Ontology (DCO) - Generic Data Collection using a Mid Level Ontology},
booktitle = {Proceedings of the International Conference on Knowledge Engineering and Ontology Development},
doi = {10.5220/0006497501750182}
}

